@misc{taco_repo,
  author = {Autores do projeto},
  title = {TACO - Task Companion},
  howpublished = {\url{https://github.com/usuario/taco}},
  note = {Acessado em 2024}
}
