%% This BibTeX bibliography file was created using BibDesk.
%% http://bibdesk.sourceforge.net/
%% Saved with string encoding Unicode (UTF-8)

@article{khmelyarchuk2024bpmn,
  title        = {BPMN Diagrams as an Essential Tool for Enhancing Business Process Management and Team Collaboration},
  author       = {Khmelyarchuk, Mariya and Zhukovska, Sofiia and Weigang, Ganna and Myronchuk, Kateryna},
  journal      = {European Research Studies Journal},
  volume       = {XXVII},
  number       = {S2},
  pages        = {652--682},
  year         = {2024},
  doi          = {10.35808/ersj/3742},
  publisher    = {European Research Studies Journal}
}

@incollection{lind2015collaborative,
  title        = {Collaborative Process Modeling and Design: The Intersport Case Study},
  author       = {Lind, Mikael and Seigerroth, Ulf},
  booktitle    = {Handbook on Business Process Management 1: Introduction, Methods, and Information Systems},
  editor       = {vom Brocke, Jan and Rosemann, Michael},
  series       = {International Handbooks on Information Systems},
  edition      = {2},
  pages        = {301--321},
  publisher    = {Springer, Berlin, Heidelberg},
  year         = {2015},
  doi          = {10.1007/978-3-642-45100-3_13}
}

@article{bakhtiari2025process,
  title        = {Utilizing Process Mining in Quality Management: A Case Study in Radiation Oncology},
  author       = {Bakhtiari, Mohammad},
  journal      = {PLOS Digital Health},
  volume       = {4},
  number       = {5},
  pages        = {e0000647},
  year         = {2025},
  doi          = {10.1371/journal.pdig.0000647},
  publisher    = {Public Library of Science}
}

@article{pereira2021roi,
  title        = {Return of Investment Initiatives in Business Process Management},
  author       = {Pereira, Leandro F. and Sabido, Pedro M. and Santos, José P.},
  journal      = {International Journal of Business Innovation and Research},
  volume       = {24},
  number       = {1},
  pages        = {45--56},
  year         = {2021},
  doi          = {10.1504/IJBIR.2021.111974},
  publisher    = {Inderscience}
}

@article{dumitriu2018bpm,
  title        = {Research on the Trend and Potential Impact of Adopting BPM Techniques over General Performance of the Organization},
  author       = {Dumitriu, Dan},
  journal      = {Procedia Manufacturing},
  volume       = {22},
  pages        = {575--582},
  year         = {2018},
  doi          = {10.1016/j.promfg.2018.03.084},
  publisher    = {Elsevier}
}
