%% This BibTeX bibliography file was created using BibDesk.
%% http://bibdesk.sourceforge.net/


%% Created for Lauro Cesar Araujo at 2013-08-21 10:57:09 -0300 


%% Saved with string encoding Unicode (UTF-8) 

%https://pme.pt/a-importancia-da-comunicacao/
@article{lecun1998gradient,
  title={Gradient-based learning applied to document recognition},
  author={LeCun, Yann and Bottou, L{\'e}on and Bengio, Yoshua and Haffner, Patrick},
  journal={Proceedings of the IEEE},
  volume={86},
  number={11},
  pages={2278--2324},
  year={1998},
  publisher={Ieee}
}
@article{marrow2000nature,
  title={Nature-inspired computing technology and applications},
  author={Marrow, Paul},
  journal={BT Technology Journal},
  volume={18},
  number={4},
  pages={13--23},
  year={2000},
  publisher={Springer}
}
@article{Gatys_2016,
   title={A Neural Algorithm of Artistic Style},
   volume={16},
   ISSN={1534-7362},
   url={http://dx.doi.org/10.1167/16.12.326},
   DOI={10.1167/16.12.326},
   number={12},
   journal={Journal of Vision},
   publisher={Association for Research in Vision and Ophthalmology (ARVO)},
   author={Gatys, Leon and Ecker, Alexander and Bethge, Matthias},
   year={2016},
   month={Sep},
   pages={326}
}

%história do reconhecimento de fala, cientistas
@article{juang2005automatic,
  title={Automatic speech recognition--a brief history of the technology development},
  author={Juang, Biing-Hwang and Rabiner, Lawrence R},
  journal={Georgia Institute of Technology. Atlanta Rutgers University and the University of California. Santa Barbara},
  volume={1},
  pages={67},
  year={2005}
}

%frase da definição do reconhecimento de fala
@article{kepuska2011wake,
  title={Wake-Up-Word Speech Recognition},
  author={K{\"e}puska, Veton},
  journal={Speech Technologies},
  pages={237--262},
  year={2011},
  publisher={BoD--Books on Demand}
}

% Tecnologias Assistivas
@article{lima2015reconhecimento,
  title={Reconhecimento de voz para Inclus{\~a}o de deficientes visuais em ambientes virtuais de aprendizagem},
  author={Lima, Jefferson Ribeiro and Lucinéia Barbosa da Costa Chagas and Orivaldo de Lira Tavares  and Davidson Cury},
  journal={Nuevas Ideas en Inform{\'a}tica Educativa TISE},
  pages={23--29},
  year={2015}
}
@article{raju2018contextual,
  title={Contextual language model adaptation for conversational agents},
  author={Raju, Anirudh and Hedayatnia, Behnam and Liu, Linda and Gandhe, Ankur and Khatri, Chandra and Metallinou, Angeliki and Venkatesh, Anu and Rastrow, Ariya},
  journal={arXiv preprint arXiv:1806.10215},
  year={2018}
}

%motivos do ASR estar crescendo
@book{yu2016automatic,
  title={AUTOMATIC SPEECH RECOGNITION.},
  author={Yu, Dong and Deng, Li},
  year={2016},
  publisher={Springer}
}

%ferramenta de interação entre humano e máquina
@inproceedings{lopez2017alexa,
  title={Alexa vs. Siri vs. Cortana vs. Google Assistant: a comparison of speech-based natural user interfaces},
  author={L{\'o}pez Herrera, Gustavo and Quesada Quir{\'o}s, Luis and Guerrero Blanco, Luis Alberto},
booktitle={International Conference on Applied Human Factors and Ergonomics},
  pages={241--250},
  year={2017},
  organization={Springer}
}

@inproceedings{ding2014sibgrapi,
  title={Uma Abordagem Baseada em Dicionário para Análise de Sentimentos em Tweets},
  author={DING, Yih An and CIARELLI, Patrick Marques and KOMATI, Karin Satie},
booktitle={XXVII Conference on Graphics Patterns and Images (SIBGRAPI 2014) - (WUW) Workshop of Undergraduate Works},
  pages={U12},
  year={2014},
  city = {Rio de Janeiro/ RJ}
}

@misc{sudoh2020simultaneous,
      title={Simultaneous Speech-to-Speech Translation System with Neural Incremental ASR, MT, and TTS}, 
      author={Katsuhito Sudoh and Takatomo Kano and Sashi Novitasari and Tomoya Yanagita and Sakriani Sakti and Satoshi Nakamura},
      year={2020},
      eprint={2011.04845},
      archivePrefix={arXiv},
      primaryClass={cs.CL}
}
@inproceedings{viglino2019end,
  title={End-to-End Accented Speech Recognition.},
  author={Viglino, Thibault and Motlicek, Petr and Cernak, Milos},
  booktitle={INTERSPEECH},
  pages={2140--2144},
  year={2019}
}
@article{sharan2016overview,
  title={An overview of applications and advancements in automatic sound recognition},
  author={Sharan, Roneel V and Moir, Tom J},
  journal={Neurocomputing},
  volume={200},
  pages={22--34},
  year={2016},
  publisher={Elsevier}
}
@article{dahl2011context,
  title={Context-dependent pre-trained deep neural networks for large-vocabulary speech recognition},
  author={Dahl, George E and Yu, Dong and Deng, Li and Acero, Alex},
  journal={IEEE Transactions on audio, speech, and language processing},
  volume={20},
  number={1},
  pages={30--42},
  year={2011},
  publisher={IEEE}
}

@inproceedings{cieri2004fisher,
  title={The Fisher Corpus: a Resource for the Next Generations of Speech-to-Text.},
  author={Cieri, Christopher and Miller, David and Walker, Kevin},
  booktitle={LREC},
  volume={4},
  pages={69--71},
  year={2004}
}

@article{zelasko2018punctuation,
  title={Punctuation prediction model for conversational speech},
  author={{\.Z}elasko, Piotr and Szyma{\'n}ski, Piotr and Mizgajski, Jan and Szymczak, Adrian and Carmiel, Yishay and Dehak, Najim},
  journal={arXiv preprint arXiv:1807.00543},
  year={2018}
}
%transcrição de audio youtube
@inproceedings{ryant2013speech,
  title={Speech activity detection on youtube using deep neural networks.},
  author={Ryant, Neville and Liberman, Mark and Yuan, Jiahong},
  booktitle={INTERSPEECH},
  pages={728--731},
  year={2013},
  organization={Lyon, France}
}
%identificação através da voz
@article{campbell1997speaker,
  title={Speaker recognition: A tutorial},
  author={Campbell, Joseph P},
  journal={Proceedings of the IEEE},
  volume={85},
  number={9},
  pages={1437--1462},
  year={1997},
  publisher={IEEE}
}

%dificuldades do ASR
@book{waibel1990readings,
  title={Readings in speech recognition},
  author={Waibel, Alexander and Lee, Kai-Fu},
  year={1990},
  publisher={Morgan Kaufmann}
}

%exame, aplicabilidade da transcrição de fala
@misc{EXAME,
  title = {Software transcreve áudio para texto e é ideal para judiciário, empresas e outros nichos},
  url = {https://exame.abril.com.br/negocios/dino/software-transcreve-audio-para-texto-e-e-ideal-para-judiciario-empresas-e-outros-nichos-dino89091552131/},
  author = {Dino},
 Urlaccessdate = {02 dez. 2019},
  year = {2019}
}
@misc{listaAPI,
  title = {Top 10 Best Speech Recognition APIs: Google Speech, IBM Watson, SpeechAPI, and others},
  url = {https://blog.api.rakuten.net/top-10-best-speech-recognition-apis-google-speech-ibm-watson-speechapi-and-others/},
  author = {Alfrick Opidi},
 Urlaccessdate = {02 dez. 2019},
  year = {2019}
}
@inbook{ferreira2017uso,
booktitle={Minicursos do XXIII Simp{\'\o}sio Brasileiro de Sistemas Multim{\'\i}dia e Web},
  title={Uso de Sistemas de Reconhecimento de Autom{\'a}tico da Fala para Aplica{\c{c}}{\~o}es Multim{\'\i}dia},
  author={Ferreira, Marcos Valad{\~a}o Gualberto and de Souza, Jairo Francisco},
  chapter={5},
  publisher={Sociedade Brasileira de Computa{\c{c}}{\~a}o},
pages={139-176},
  year={2017}
}




@misc{correiacomunicaccao,
  title={Comunica{\c{c}}{\~a}o Oral e Escrita Aplicada},
  author={Correia, Andreza},
 url = {http://www.ifcursos.com.br/sistema/admin/arquivos/10-03-57-ap0stilac0municaca00raleescritaaplicada.pdf},
  Urlaccessdate = {02 dez. 2019},
  year = {2019} 
}

@misc{cpqd,
  title = {Reconhecimento de fala},
  url = {https://speechweb.cpqd.com.br/asr/docs/latest/get_started/asr_intro.html},
  author = {{CPqD}},
 Urlaccessdate = {02 jan. 2021},
  year = {2020}
}


%WER
@misc{wer,
  title = {What is WER? What Does Word Error Rate Mean?},
  url = {https://www.rev.com/blog/resources/what-is-wer-what-does-word-error-rate-mean},
  author = {REV},
 Urlaccessdate = {16 dez. 2019},
  year = {2019}
}

%transcrição
@misc{voiceinteraction,
  title = {Transcrição da fala},
  url = {http://www.voiceinteraction.pt/images/downloads/VI-Monofolha-TransFala-vf.pdf},
  author = {voiceinteraction},
 Urlaccessdate = {16 dez. 2019},
  year = {2019}
}

%vantagens transcrição
@misc{litero,
  title = {Conhe{\c{c}}a as vantagens de converter áudio em texto},
  url = {https://litero.com.br/converter-audio-em-texto},
 Urlaccessdate = {16 dez. 2019},
  year = {2019}
}


%aplicabilidade da transcrição de fala
@misc{computerworld,
  title = {De voz para texto – transcrição é ganho de tempo e produtividade},
  url = {https://computerworld.com.br/2016/07/15/de-voz-para-texto-transcricao-e-ganho-de-tempo-e-produtividade/},
  author = {Eduardo Guimar{\~a}es},
 Urlaccessdate = {02 dez. 2019},
  year = {2019}
}

@misc{dialetoportugues,
  title = {Dialetos do Português Brasileiro},
  url = {https://www.thefools.com.br/blog/post/dialetos-do-portugues-brasileiro},
 Urlaccessdate = {28 abril. 2021},
  year = {2019}
}


@article{dos2018importancia,
  title={A IMPORT{\^A}NCIA DA COMUNICA{\c{C}}{\~A}O NO PROCESSO DE LIDERAN{\c{C}}A},
  author={Rosineia Oliveira dos Santos and Luis Fernando Ferreira de Ara{\'u}jo},
  journal={Revista de Humanidades, Tecnologia e Cultura},
  volume={8},
  number={1},
  year={2018}
}

%BRACCENT (base de dados)
@monography{batista2019estudo,
  title={Estudo sobre identifica{\c{c}}{\~a}o autom{\'a}tica de sotaques regionais brasileiros baseada em modelagens estat{\'\i}sticas e t{\'e}cnicas de aprendizado de m{\'a}quina},
  author={Batista, Nathalia Alves Rocha},
  year={2019},
  type={Disserta{\c c}\~ao},
  address={Campinas},
   school={Curso de Mestrado em Engenharia Elétrica, na Área de Telecomunicações e Telemática, Faculdade
de Engenharia Elétrica e de Computação, Universidade Estadual de Campinas},
   pages={138},
pagename={f.}, 
}

%historia horal PT-BR
@monography{alvarenga2019transcriccao,
  title={Transcri{\c{c}}{\~a}o, alinhamento e cria{\c{c}}{\~a}o de legendas em uma base de Hist{\'o}ria Oral},
  author={Alvarenga, Lucas Meireles Tomaz de},
  year={2019},
  type={Disserta{\c c}\~ao},
  address={Rio de Janeiro},
  school={Curso de Mestrado em Modelagem Matemática, Escola de Matemática Aplicada, Fundação Getulio Vargas},
 pages={57},
pagename={f.}, 
}


@monography{falcao2014leitura,
  title={Leitura na educa{\c{c}}{\~a}o infantil: linguagem oral e escrita no cotidiano escolar},
  author={Falc{\~a}o, Josenilda da Silva},
  year={2014},
  address={Serra},
type={Gradua{\c c}\~ao},
  school={Curso de Licenciatura Plena em
Pedagogia na Modalidade à Distância, do Centro de
Educação da Universidade Federal da Paraíba, Universidade Federal da Para{\'\i}ba}, 
pages={59},
pagename={f.},
}

@misc{pieraccini2012audrey,
  title={From AUDREY to Siri: Is speech recognition a solved problem?},
  author={Pieraccini, Roberto},
  year={2012},
  Urlaccessdate = {01 out. 2019}, 
  url = {http://www.icsi.berkeley.edu/pubs/speech/audreytosiri12.pdf}
}

@misc{WIT,
  title = {Natural Language for Developers},
  url = {https://wit.ai/},
  author = {Wit.ai, Inc.},
 Urlaccessdate = {20 mar. 2021},
  year = {2021}
}

@misc{SpeechRecognition,
  title = {SpeechRecognition 3.8.1},
  url = {https://pypi.org/project/SpeechRecognition/},
  author = {Anthony Zhang},
 Urlaccessdate = {22 out. 2019},
  year = {2019}
}

@misc{GoogleCloud,
  title = {Cloud Speech-to-Text},
  url = {https://cloud.google.com/speech-to-text/},
  author = {Google Cloud},
 Urlaccessdate = {29 out. 2019},
  year = {2019}
}

%comparação das APIs
@article{kepuska2017comparing,
  title={Comparing speech recognition systems (Microsoft API, Google API and CMU Sphinx)},
  author={K{\"e}puska, Veton and Bohouta, Gamal},
  journal={Int. J. Eng. Res. Appl},
  volume={7},
  number={03},
  pages={20--24},
  year={2017}
}

@phdthesis{heeringa2004measuring,
  title={Measuring dialect pronunciation differences using Levenshtein distance},
  author={Heeringa, Wilbert Jan},
  year={2004},
  school={University Library Groningen][Host]}
}

@article{beijering2008predicting,
  title={Predicting intelligibility and perceived linguistic distance by means of the Levenshtein algorithm},
  author={Beijering, Karin and Gooskens, Charlotte and Heeringa, Wilbert},
  journal={Linguistics in the Netherlands},
  volume={25},
  number={1},
  pages={13--24},
  year={2008},
  publisher={John Benjamins}
}

@article{kessler1995computational,
  title={Computational dialectology in irish gaelic},
  author={Kessler, Brett},
  journal={arXiv preprint cmp-lg/9503002},
  year={1995}
}

% WIT.AI
@incollection{mitrevski2018getting,
  title={Getting started with wit. ai},
  author={Mitrevski, Martin},
  booktitle={Developing Conversational Interfaces for iOS},
  pages={143--164},
  year={2018},
  publisher={Springer}
}

%google cloud
@inproceedings{kimura2018comparison,
  title={Comparison of speech recognition performance between Kaldi and Google cloud speech API},
  author={Kimura, Takashi and Nose, Takashi and Hirooka, Shinji and Chiba, Yuya and Ito, Akinori},
  booktitle={International Conference on Intelligent Information Hiding and Multimedia Signal Processing},
  pages={109--115},
  year={2018},
  organization={Springer}
}

%google cloud geral
@misc{GoogleCloudGeral,
  title = {Google Cloud},
  url = {https://cloud.google.com/},
  author = {Google Cloud},
 Urlaccessdate = {20 mar. 2021},
  year = {2021}
}

%apis speechtotext


@inproceedings{iinumaspeech,
  title={Speech-To-Text em liga{\c{c}}{\~o}es telef{\^o}nicas},
   author={Iinuma, Nilton Mitsuo and de Oliveira Igarashi, Massaki},
  booktitle={Brazilian Technology Symposium 2019},
  year={2019},
}

@article{krancher2018key,
  title={Key affordances of platform-as-a-service: Self-organization and continuous feedback},
  author={Krancher, Oliver and Luther, Pascal and Jost, Marc},
  journal={Journal of Management Information Systems},
  volume={35},
  number={3},
  pages={776--812},
  year={2018},
  publisher={Taylor \& Francis}
}

@inproceedings{munteanumeeting,
  title={MEETING TECHNOLOGICAL CHALLENGES ON THE IT MARKET: CLOUD COMPUTING},
  author={Munteanu, Adrian and Fotache, Doina},
year = {2010},
month = {01},
booktitle={The 4th International Conference Globalization and Higher Education in Economics and Business Administration – GEBA}
}

